@book{			Peskin,
	title			= "An Introduction to Quantum Field Theory",
	author		= "Michael E Peskin and Daniel V Schroeder",
	year			= 1995,
	publisher	= "Perseus Books Publishing"
}

@book{			Sakurai,
	title			= "Modern Quantum Mechanics",
	author		= "J J Sakurai",
	edition		= "Revised",
  	year			= 1994,
	publisher	= "Addison-Wesley Publishing Company"
}

@book{			Ashcroft,
	title			= "Solid State Physics",
	author		= "Neil W Ashcroft and N David Mermin",
  	year			= 1976,
	publisher	= "Harcourt College Publishers"
}

@misc{          	Maclaurin,
    author      		= "Eric W Weisstein",
    title       		= "Maclaurin Series",
    howpublished	= "From MathWorld---A Wolfram Web Resource",
    url         		= "https://mathworld.wolfram.com/MaclaurinSeries.html"
}

@misc{          	Exponential,
    author      		= "Eric W Weisstein",
    title       		= "Exponential Function",
    howpublished	= "From MathWorld---A Wolfram Web Resource",
    url         		= "https://mathworld.wolfram.com/ExponentialFunction.html"
}

@misc{          	Residue,
    author      		= "Eric W Weisstein",
    title       		= "Residue Theorem",
    howpublished	= "From MathWorld---A Wolfram Web Resource",
    url         		= "https://mathworld.wolfram.com/ResidueTheorem.html"
}

@misc{          	Wave,
    author      		= "Eric W Weisstein",
    title       		= "Wave Equation",
    howpublished	= "From MathWorld---A Wolfram Web Resource",
    url         		= "https://mathworld.wolfram.com/WaveEquation.html"
}
@misc{          	Delta,
    author      		= "Eric W Weisstein",
    title       		= "Delta Function",
    howpublished	= "From MathWorld---A Wolfram Web Resource",
    url         		= "https://mathworld.wolfram.com/DeltaFunction.html"
}

@misc{			Evans,
	author		= "Tim Evans",
	title			= "{The Feynman Propagator and Cauchy's Theorem}",
	year			= 2018,
	url			= "https://www.imperial.ac.uk/media/imperial-college/research-centres-and-groups/theoretical-physics/msc/current/qft/handouts/qftfeynmanpropagator.pdf"
}

@misc{          	EulerLagrange,
    author      		= "{Wikipedia contributors}",
    title       		= "{Euler--Lagrange equation}",
    howpublished	= "From Wikipedia, the Free Encyclodia",
    url         		= "https://en.wikipedia.org/wiki/Euler%E2%80%93Lagrange_equation"
}