@book{			Ashcroft,
	title			= "Solid State Physics",
	author		= "Neil W Ashcroft and N David Mermin",
  	year			= 1976,
	publisher	= "Harcourt College Publishers"
}

@book{			Kittel,
	title			= "Introduction to Solid State Physics",
	author		= "Charles Kittel",
	edition		= "8th",
  	year			= 2005,
	publisher	= "Wiley"
}

@book{			Coleman,
	title			= "Introduction to Many-Body Physics",
	author		= "Piers Coleman",
  	year			= 2015,
	publisher	= "Cambridge University Press"
}

@misc{			DFT,
	author		= "{Wikipedia contributors}",
	title			= "Density functional theory",
	howpublished= "From Wikipedia, the Free Encyclopedia",
	url			= "https://en.wikipedia.org/wiki/Density_functional_theory"
}

@misc{			PES,
	author		= "{Wikipedia contributors}",
	title			= "Photoemission spectroscopy",
	howpublished= "From Wikipedia, the Free Encyclopedia",
	url			= "https://en.wikipedia.org/wiki/Photoemission_spectroscopy"
}

@misc{			ARPES,
	author		= "{Wikipedia contributors}",
	title			= "Angle-resolved photoemission spectroscopy",
	howpublished= "From Wikipedia, the Free Encyclopedia",
	url			= "https://en.wikipedia.org/wiki/Angle-resolved_photoemission_spectroscopy"
}

@misc{			Fourier,
	author		= "Eric W Weisstein",
	title			= "Fourier Transform",
	howpublished= "From MathWorld---A Wolfram Web Resource",
	url			= "https://mathworld.wolfram.com/FourierTransform.html"
}

@book{			Griffiths,
	title			= "Introduction to Electrodynamics",
	author		= "David J Griffiths",
	edition		= "3rd",
  	year			= 1999,
	publisher	= "Prentice Hall"
}

@misc{			Landau,
	author		= "{Wikipedia contributors}",
	title			= "Landau theory",
	howpublished= "From Wikipedia, the Free Encyclopedia",
	url			= "https://en.wikipedia.org/wiki/Landau_theory"
}