@inbook{			Landau,
	title			= "Statistical Physics",
	author		= "L.D. Landau and E.M. Lifshitz",
	chapter		= 118,
	pages		= "359-361",
	volume		= 5,
	edition		= 2,
	isbn			= 9780080570464,
  	year			= 1970,
	publisher		= "Pergamon Press"
}

@misc{			Binomial,
	author		= "Eric W Weisstein", 
	title			= "Binomial Distribution",
	howpublished	= "From MathWorld---A Wolfram Web Resource",
	url			= "https://mathworld.wolfram.com/BinomialDistribution.html"
}

@misc{			CLT,
	author		= "Eric W Weisstein", 
	title			= "Central Limit Theorem",
	howpublished	= "From MathWorld---A Wolfram Web Resource",
	url			= "https://mathworld.wolfram.com/CentralLimitTheorem.html"
}

@misc{			Gaussian,
	author		= "Eric W Weisstein", 
	title			= "Normal Distribution",
	howpublished	= "From MathWorld---A Wolfram Web Resource",
	url			= "https://mathworld.wolfram.com/NormalDistribution.html"
}