@book{			Peskin,
	title			= "An Introduction to Quantum Field Theory",
	author		= "Michael E Peskin and Daniel V Schroeder",
	year			= 1995,
	publisher	= "Perseus Books Publishing"
}

@misc{			FR,
	author		= "Chris Blair",
	title			= "{Quantum Field Theory---Useful Formulae and Feynman Rules}",
	month		= "May",
	year			= 2010,
	url			= "https://www.maths.tcd.ie/~cblair/notes/list.pdf"
}