@book{			MCP,
	title			= "Modern Classical Physics",
	author		= "Kip S Thorne and Roger D Blandford",
	year			= 2017,
	publisher	= "Princeton University Press"
}

@book{			Carroll,
	title			= "Spacetime and Geometry: An Introduction to General Relativity",
	author		= "Sean M Carroll",
	year			= 2019,
	publisher	= "Cambridge University Press"
}

@misc{			Hartle,
	author		= "James B Hartle",
	title			= "Mathematica Programs",
	howpublished= "Gravity: An Introduction to Einstein's General Relativity",
	url			= "http://web.physics.ucsb.edu/~gravitybook/mathematica.html"
}

@book{			Swartz,
	title			= "Used Math for the First Two Years of College Science",
	author		= "Clifford E Swartz",
	year			= 1973,
	publisher	= "Prentice-Hall"
}

@book{			Muller,
	title			= "The State of Deformation in Earthlike Self-Gravitating Objects",
	author		= "Wolfgang H {M\"{u}ller}",
	year			= 2016,
	publisher	= "Springer"
}

@book{			Weinberg,
	title			= "Gravitation and Cosmology: Principles and Applications of the General Theory of Relativity",
	author		= "Steven Weinberg",
	year			= 1972,
	publisher	= "John Wiley \& Sons"
}

@misc{			Centrifugal,
	author		= "{Wikipedia contributors}",
	title			= "Centrifugal force",
	howpublished= "From Wikipedia, the Free Encyclopedia",
	url			= "https://en.wikipedia.org/wiki/Centrifugal_force"
}

@misc{			Multipole,
	author		= "{Wikipedia contributors}",
	title			= "Multipole expansion",
	howpublished= "From Wikipedia, the Free Encyclopedia",
	url			= "https://en.wikipedia.org/wiki/Multipole_expansion"
}