@book{			Peskin,
	title			= "An Introduction to Quantum Field Theory",
	author		= "Michael E Peskin and Daniel V Schroeder",
	year			= 1995,
	publisher	= "Perseus Books Publishing"
}

@book{			Sakurai,
	title			= "Modern Quantum Mechanics",
	author		= "J J Sakurai",
	edition		= "Revised",
  	year			= 1994,
	publisher	= "Addison-Wesley Publishing Company"
}

@misc{          	LeviCivita,
    author      		= "Eric W Weisstein",
    title      		= "Permutation Symbol",
    howpublished	= "From MathWorld---A Wolfram Web Resource",
    url         		= "https://mathworld.wolfram.com/PermutationSymbol.html"
}


@misc{          	Skew,
    author      		= "{Wikipedia contributors}",
    title       		= "Skew-Hermitian matrix",
    howpublished	= "From Wikipedia, the Free Encyclodia",
    url         		= "https://en.wikipedia.org/wiki/Skew-Hermitian_matrix"
}