@book{			MCP,
	title			= "Modern Classical Physics",
	author		= "Kip S Thorne and Roger D Blandford",
	year			= 2017,
	publisher	= "Princeton University Press"
}

@misc{			Momentum,
	author		= "{Wikipedia contributors}",
	title			= "Four-momentum",
	howpublished= "From Wikipedia, the Free Encyclopedia",
	url			= "https://en.wikipedia.org/wiki/Four-momentum"
}

@misc{			Redshift,
	author		= "{Wikipedia contributors}",
	title			= "Gravitational redshift",
	howpublished= "From Wikipedia, the Free Encyclopedia",
	url			= "https://en.wikipedia.org/wiki/Gravitational_redshift"
}
@book{			YF,
	title			= "University Physics with Modern Phyiscs",
	author		= "Hugh D Young and Roger A Freedman",
	edition		= "15th",
	year			= 2020,
	publisher	= "Pearson"
}