@book{			Peskin,
	title			= "An Introduction to Quantum Field Theory",
	author		= "Michael E Peskin and Daniel V Schroeder",
	year			= 1995,
	publisher	= "Perseus Books Publishing"
}

@misc{			Gamma,
	author		= "{Wikipedia contributors}",
	title			= "Gamma matrices",
	howpublished= "From Wikipedia, the Free Encyclopedia",
	url			= "https://en.wikipedia.org/wiki/Gamma_matrices"
}

@misc{			Feynman,
	author		= "{Wikipedia contributors}",
	title			= "Feynman slash notation",
	howpublished= "From Wikipedia, the Free Encyclopedia",
	url			= "https://en.wikipedia.org/wiki/Feynman_slash_notation"
}

@misc{			Axion,
	author		= "{Chris Blair}",
	title			= "Quantum Field Theory---Useful Formulae and Feynman Rules",
	month		= "May",
	year			= 2010,
	url			= "https://www.maths.tcd.ie/~cblair/notes/list.pdf"
}

@article{		PDG,
    author			= "Particle Data Group",
    title 			= "Review of Particle Physics",
    journal 		= "Progress of Theoretical and Experimental Physics",
    volume 		= 2020,
    number 		= 8,
    year 			= 2020,
    month 		= 8,
    issn 			= "2050-3911",
    doi 			= "10.1093/ptep/ptaa104",
    url 			= "https://doi.org/10.1093/ptep/ptaa104",
    note 			= "083C01",
    url			= "https://pdglive.lbl.gov/Viewer.action",
    eprint 			= "https://academic.oup.com/ptep/article-pdf/2020/8/083C01/33653179/ptaa104.pdf"
}