@book{			MCP,
	title			= "Modern Classical Physics",
	author		= "Kip S Thorne and Roger D Blandford",
	year			= 2017,
	publisher	= "Princeton University Press"
}

@misc{			Spherical,
	author		= "Eric W Weisstein",
	title			= "Spherical Coordinates",
	howpublished= "From MathWorld---A Wolfram Web Resource",
	url			= "https://mathworld.wolfram.com/SphericalCoordinates.html"
}