@book{			Ashcroft,
	title			= "Solid State Physics",
	author		= "Neil W Ashcroft and N David Mermin",
  	year			= 1976,
	publisher	= "Harcourt College Publishers"
}

@misc{          	Quadruple,
    author      		= "Eric W Weisstein",
    title       		= "Vector Quadruple Product",
    howpublished	= "From MathWorld---A Wolfram Web Resource",
    url         		= "https://mathworld.wolfram.com/VectorQuadrupleProduct.html"
}

@misc{          	PointPlane,
    author      		= "Eric W Weisstein",
    title       		= "Point-Plane Distance",
    howpublished	= "From MathWorld---A Wolfram Web Resource",
    url         		= "https://mathworld.wolfram.com/Point-PlaneDistance.html"
}