@book{			Peskin,
	title			= "An Introduction to Quantum Field Theory",
	author		= "Michael E Peskin and Daniel V Schroeder",
	year			= 1995,
	publisher	= "Perseus Books Publishing"
}


@misc{			Integrals,
	author		= "{Wikipedia contributors}",
	title			= "Common integrals in quantum field theory",
	howpublished= "From Wikipedia, the Free Encyclopedia",
	url			= "https://en.wikipedia.org/wiki/Common_integrals_in_quantum_field_theory"
}