@book{			Ashcroft,
	title			= "Solid State Physics",
	author		= "Neil W Ashcroft and N David Mermin",
  	year			= 1976,
	publisher	= "Harcourt College Publishers"
}

@book{			Kittel,
	title			= "Introduction to Solid State Physics",
	author		= "Charles Kittel",
	edition		= "8th",
  	year			= 2005,
	publisher	= "Wiley"
}

@misc{			Density,
	author		= "{Wikipedia contributors}",
	title			= "Electron density",
	howpublished= "From Wikipedia, the Free Encyclopedia",
	url			= "https://en.wikipedia.org/wiki/Electron_density"
}

@misc{			La,
	author		= "{Wikipedia contributors}",
	title			= "Lanthanum",
	howpublished= "From Wikipedia, the Free Encyclopedia",
	url			= "https://en.wikipedia.org/wiki/Lanthanum"
}

@misc{			Sr,
	author		= "{Wikipedia contributors}",
	title			= "Strontium",
	howpublished= "From Wikipedia, the Free Encyclopedia",
	url			= "https://en.wikipedia.org/wiki/Strontium"
}

@misc{			Mn,
	author		= "{Wikipedia contributors}",
	title			= "Manganese",
	howpublished= "From Wikipedia, the Free Encyclopedia",
	url			= "https://en.wikipedia.org/wiki/Manganese"
}

@misc{			O,
	author		= "{Wikipedia contributors}",
	title			= "Oxygen",
	howpublished= "From Wikipedia, the Free Encyclopedia",
	url			= "https://en.wikipedia.org/wiki/Oxygen"
}

@misc{			LibreTexts,
	title			= "The Order of Filling 3d and 4s Orbitals",
	howpublished= "From Chemistry LibreTexts",
	url			= "https://chem.libretexts.org/@go/page/10838"
}

@misc{			Double,
	author		= "{Wikipedia contributors}",
	title			= "Double-exchange mechanism",
	howpublished= "From Wikipedia, the Free Encyclopedia",
	url			= "https://en.wikipedia.org/wiki/Double-exchange_mechanism"
}