@book{			MCP,
	title			= "Modern Classical Physics",
	author		= "Kip S Thorne and Roger D Blandford",
	year			= 2017,
	publisher	= "Princeton University Press"
}

@book{			Resnick,
	title			= "Introduction to Special Relativity",
	author		= "Robert Resnick",
	year			= 1968,
	publisher	= "John Wiley \& Sons, Inc."
}

@misc{			Acceleration,
	author		= "{Wikipedia contributors}",
	title			= "Four-acceleration",
	howpublished= "From Wikipedia, the Free Encyclopedia",
	url			= "https://en.wikipedia.org/wiki/Four-acceleration"
}

@misc{			Helix,
	author		= "{Wikipedia contributors}",
	title			= "Helix",
	howpublished= "From Wikipedia, the Free Encyclopedia",
	url			= "https://en.wikipedia.org/wiki/Helix"
}

@misc{			Trig,
	author		= "{Wikipedia contributors}",
	title			= "List of trigonometric identities",
	howpublished= "From Wikipedia, the Free Encyclopedia",
	url			= "https://en.wikipedia.org/wiki/List_of_trigonometric_identities"
}

@book{			Swartz,
	title			= "Used Math for the First Two Years of College Science",
	author		= "Clifford E Swartz",
	year			= 1973,
	publisher	= "Prentice-Hall"
}

@book{			Griffiths,
	title			= "Introduction to Electrodynamics",
	author		= "David J Griffiths",
	edition		= "3rd",
  	year			= 1999,
	publisher	= "Prentice Hall"
}

@book{			Carroll,
	title			= "Spacetime and Geometry: An Introduction to General Relativity",
	author		= "Sean M Carroll",
	year			= 2019,
	publisher	= "Cambridge University Press"
}