@book{			Landau,
	title		= "Statistical Physics",
	author		= "L D Landau and E M Lifshitz",
	volume		= 5,
	edition		= "2nd",
  	year		= 1970,
	publisher	= "Pergamon Press"
}

@book{			Pathria,
	title		= "Statistical Mechanics",
	author		= "R K Pathria and Paul D Beale",
	edition		= "3rd",
  	year		= 2011,
	publisher	= "Butterworth-Heinemann"
}

@book{			Kardar,
	title		= "Statistical Physics of Particles",
	author		= "Mehran Kardar",
	edition		= "1st",
	year		= 2007,
	publisher	= "Cambridge University Press"
}

@book{			Integrals,
	title		= "Table of Integrals, Series, and Products",
	author		= "I S Gradshteyn and I M Ryzhik",
	edition		= "7th",
	year		= 2007,
	publisher	= "Academic Press"
}

@misc{			Gamma,
	author		= "Eric W Weisstein", 
	title		= "Gamma Function",
	howpublished= "From MathWorld---A Wolfram Web Resource",
	url			= "https://mathworld.wolfram.com/GammaFunction.html"
}
