@book{			Peskin,
	title			= "An Introduction to Quantum Field Theory",
	author		= "Michael E Peskin and Daniel V Schroeder",
	year			= 1995,
	publisher	= "Perseus Books Publishing"
}

@book{			Schwartz,
	title			= "Quantum Field Theory and the Standard Model",
	author		= "Matthew D Schwartz",
	year			= 2014,
	publisher	= "Cambridge University Press"
}