@book{			Landau,
	title			= "The Classical Theory of Fields",
	author		= "L D Landau and E M Lifshitz",
	volume		= 2,
	edition		= "4th",
  	year			= 1975,
	publisher		= "Butterworth Heinemann"
}

@book{			Jackson,
	title			= "Classical Electrodynamics",
	author		= "John David Jackson",
	edition		= "3rd",
  	year			= 1999,
	publisher		= "Wiley"
}