@book{			Jackson,
	title		= "Classical Electrodynamics",
	author		= "John David Jackson",
	edition		= "3rd",
  	year		= 1999,
	publisher	= "Wiley"
}

@book{			Landau,
	title		= "The Classical Theory of Fields",
	author		= "L D Landau and E M Lifshitz",
	volume		= 2,
	edition		= "4th",
  	year		= 1975,
	publisher	= "Butterworth Heinemann"
}

@book{			Wald,
	title		= "Introduction to Advanced Classical Electrodynamics",
	author		= "Robert M Wald",
    month       = "March",
    day         = 11,
  	year		= 2020
}

@book{			Griffiths,
	title		= "Introduction to Electrodynamics",
	author		= "David J Griffiths",
	edition		= "3rd",
  	year		= 1999,
	publisher	= "Prentice Hall"
}

@book{			Gelfand,
	title		= "Calculus of Variations",
	author		= "I M Gelfand and S V Fomin",
  	year		= 1963,
	publisher	= "Prentice Hall"
}

@misc{          Arcsinh,
    author      = "Eric W Weisstein",
    title       = "Inverse Hyperbolic Sine",
    howpublished= "From MathWorld---A Wolfram Web Resource",
    url         = "https://mathworld.wolfram.com/InverseHyperbolicSine.html"
}

@misc{          Cosh,
    author      = "Eric W Weisstein",
    title       = "Hyperbolic Cosine",
    howpublished= "From MathWorld---A Wolfram Web Resource",
    url         = "https://mathworld.wolfram.com/HyperbolicCosine.html"
}

@misc{          Hyperbolic,
    author      = "Eric W Weisstein",
    title       = "Hyperbolic Functions",
    howpublished= "From MathWorld---A Wolfram Web Resource",
    url         = "https://mathworld.wolfram.com/HyperbolicFunctions.html"
}
