@book{			Sakurai,
	title			= "Modern Quantum Mechanics",
	author		= "J J Sakurai",
	edition		= "Revised",
  	year			= 1994,
	publisher	= "Addison-Wesley Publishing Company"
}

@book{			Ashcroft,
	title			= "Solid State Physics",
	author		= "Neil W Ashcroft and N David Mermin",
  	year			= 1976,
	publisher	= "Harcourt College Publishers"
}

@misc{          	Arcsinh,
    author      		= "Eric W Weisstein",
    title       		= "Inverse Hyperbolic Sine",
    howpublished	= "From MathWorld---A Wolfram Web Resource",
    url         		= "https://mathworld.wolfram.com/InverseHyperbolicSine.html"
}
