@book{			Peskin,
	title			= "An Introduction to Quantum Field Theory",
	author		= "Michael E Peskin and Daniel V Schroeder",
	year			= 1995,
	publisher	= "Perseus Books Publishing"
}

@misc{			Maclaurin,
	author		= "Eric W Weisstein",
	title			= "Maclaurin Series",
	howpublished= "From MathWorld---A Wolfram Web Resource",
	url			= "https://mathworld.wolfram.com/MaclaurinSeries.html"
}
