@book{			Ashcroft,
	title			= "Solid State Physics",
	author		= "Neil W Ashcroft and N David Mermin",
  	year			= 1976,
	publisher	= "Harcourt College Publishers"
}

@book{			Kittel,
	title			= "Introduction to Solid State Physics",
	author		= "Charles Kittel",
	edition		= "8th",
  	year			= 2005,
	publisher	= "Wiley"
}

@misc{			CA,
	author		= "{Wikipedia contributors}",
	title			= "Creation and annihilation operators",
	howpublished= "From Wikipedia, the Free Encyclopedia",
	url			= "https://en.wikipedia.org/wiki/Creation_and_annihilation_operators"
}