@book{			Peskin,
	title			= "An Introduction to Quantum Field Theory",
	author		= "Michael E Peskin and Daniel V Schroeder",
	year			= 1995,
	publisher	= "Perseus Books Publishing"
}

@book{			Landau,
	title			= "The Classical Theory of Fields",
	author		= "L D Landau and E M Lifshitz",
	volume		= 2,
	edition		= "3rd",
  	year			= 1971,
	publisher	= "Pergamon Press"
}

@book{			Jackson,
	title			= "Classical Electrodynamics",
	author		= "John David Jackson",
	edition		= "3rd",
  	year			= 1999,
	publisher	= "Wiley"
}

@misc{          	SHM,
    author      		= "Eric W Weisstein",
    title      		= "Simple Harmonic Motion",
    howpublished	= "From MathWorld---A Wolfram Web Resource",
    url         		= "https://mathworld.wolfram.com/SimpleHarmonicMotion.html"
}
