@book{			Jackson,
	title		= "Classical Electrodynamics",
	author		= "John David Jackson",
	edition		= "3rd",
  	year		= 1999,
	publisher	= "Wiley"
}

@book{			Landau,
	title		= "The Classical Theory of Fields",
	author		= "L D Landau and E M Lifshitz",
	volume		= 2,
	edition		= "4th",
  	year		= 1975,
	publisher	= "Butterworth Heinemann"
}

@book{			Wald,
	title		= "Introduction to Advanced Classical Electrodynamics",
	author		= "Robert M Wald",
    month       = "March",
    day         = 11,
  	year		= 2020
}

@book{          Griffiths,
    title       = "Introduction to Electrodynamics",
    author      = "David J Griffiths",
    edition     = "3rd",
    year        = 1999,
    publisher   = "Prentice Hall"
}

@misc{          ALP,
    author      = "Eric W Weisstein",
    title       = "Associated Legendre Polynomial",
    howpublished= "From MathWorld---A Wolfram Web Resource",
    url         = "https://mathworld.wolfram.com/AssociatedLegendrePolynomial.html"
}

@misc{          Delta,
    author      = "Eric W Weisstein",
    title       = "Delta Function",
    howpublished= "From MathWorld---A Wolfram Web Resource",
    url         = "https://mathworld.wolfram.com/DeltaFunction.html"
}

@misc{          Selection,
    author      = "{Wikipedia contributors}",
    title       = "Selection rule",
    howpublished= "From Wikipedia, the Free Encyclodia",
    url         = "https://en.wikipedia.org/w/index.php?title=Selection_rule"
}

