@book{			Peskin,
	title			= "An Introduction to Quantum Field Theory",
	author		= "Michael E Peskin and Daniel V Schroeder",
	year			= 1995,
	publisher	= "Perseus Books Publishing"
}

@misc{			Delta,
	author		= "{Wikipedia contributors}",
	title			= "Dirac delta function",
	howpublished= "From Wikipedia, the Free Encyclopedia",
	url			= "https://en.wikipedia.org/wiki/Dirac_delta_function"
}

@misc{			QFT,
	author		= "{Wikipedia contributors}",
	title			= "Common integrals in quantum field theory",
	howpublished= "From Wikipedia, the Free Encyclopedia",
	url			= "https://en.wikipedia.org/wiki/Common_integrals_in_quantum_field_theory"
}

@book{			Integrals,
	title			= "Table of Integrals, Series, and Products",
	author		= "I S Gradshteyn and I M Ryzhik",
	edition		= "7th",
	year			= 2007,
	publisher	= "Academic Press"
}